@article{Cal2003,
    title = "From {VHDL} register transfer level to {SystemC} transaction level modeling: a comparative case study",
    author = "Calazans, N. and Moreno, E. and Hessel, F. and Rosa, V. and Moraes, F. and Carara, E.",
    journal = "Integrated Circuits and Systems Design, 2003. SBCCI 2003. Proceedings. 16th Symposium on",
    year = "2003",
    month = sep,
    pages = "355--360"
}
